<?xml version="1.0" encoding="UTF-8"?><collection xmlns="http://www.loc.gov/MARC21/slim"><record><leader>00494nam--2200133-i-4500</leader><controlfield tag="001">000014393</controlfield><controlfield tag="002">20161230</controlfield><controlfield tag="005">20161230201030</controlfield><controlfield tag="008">060222s1000------------r-----000-0-eng-d</controlfield><datafield ind1=" " ind2=" " tag="080"><subfield code="a">621.3.049.771</subfield></datafield><datafield ind1=" " ind2=" " tag="100"><subfield code="a">Rapeanu, S., Chirica, O., Gheorghiu, V./S.A.</subfield></datafield><datafield ind1=" " ind2=" " tag="245"><subfield code="a">Circuite integrate analogice: -amplificatoare operationale si comparatoare -circuite audio, radio si tv -circuite de uz industrial -arii de diode, tranzistoare</subfield></datafield><datafield ind1=" " ind2=" " tag="260"><subfield code="a">Bucuresti, Editura Tehnica, 1983. 279 P</subfield></datafield><datafield ind1=" " ind2=" " tag="852"><subfield code="a">70821</subfield></datafield></record></collection>